@inproceedings{langley2017quic,
  title={The quic transport protocol: Design and internet-scale deployment},
  author={Langley, Adam and Riddoch, Alistair and Wilk, Alyssa and Vicente, Antonio and Krasic, Charles and Zhang, Dan and Yang, Fan and Kouranov, Fedor and Swett, Ian and Iyengar, Janardhan and others},
  booktitle={Proceedings of the conference of the ACM special interest group on data communication},
  pages={183--196},
  year={2017}
}

@misc{postel1981rfc0793,
  title={Rfc0793: Transmission control protocol},
  author={Postel, Jon},
  year={1981},
  publisher={RFC Editor}
}

@article{cardwell2016bbr,
  title={Bbr: Congestion-based congestion control: Measuring bottleneck bandwidth and round-trip propagation time},
  author={Cardwell, Neal and Cheng, Yuchung and Gunn, C Stephen and Yeganeh, Soheil Hassas and Jacobson, Van},
  journal={Queue},
  volume={14},
  number={5},
  pages={20--53},
  year={2016},
  publisher={ACM New York, NY, USA}
}

@techreport{allman2009tcp,
  title={TCP congestion control},
  author={Allman, Mark and Paxson, Vern and Blanton, Ethan},
  year={2009}
}